<record><leader>00000cas a2200000Ma 4500</leader><controlfield tag="001">192102240</controlfield><controlfield tag="008">840308d18741885nbuwr ne      0    0eng  </controlfield><controlfield tag="009">330</controlfield><datafield ind1=" " ind2=" " tag="010"><subfield code="a">sn 84020243 </subfield></datafield><datafield ind1=" " ind2=" " tag="040"><subfield code="a">DLC</subfield><subfield code="b">eng</subfield><subfield code="c">AQM</subfield><subfield code="d">OCLCG</subfield><subfield code="d">OCLCA</subfield></datafield><datafield ind1="0" ind2=" " tag="130"><subfield code="a">Omaha herald (Omaha, Neb. : Weekly)</subfield></datafield><datafield ind1="0" ind2="4" tag="245"><subfield code="a">The Omaha herald.</subfield></datafield><datafield ind1=" " ind2=" " tag="250"><subfield code="a">Weekly ed.</subfield></datafield><datafield ind1=" " ind2=" " tag="260"><subfield code="a">Omaha, Neb. :</subfield><subfield code="b">Miller &amp; Richardson,</subfield><subfield code="c">1874-1885.</subfield></datafield><datafield ind1=" " ind2=" " tag="300"><subfield code="a">12 v. :</subfield><subfield code="b">ill. (chiefly advertisements) ;</subfield><subfield code="c">69 cm.</subfield></datafield><datafield ind1=" " ind2=" " tag="310"><subfield code="a">Weekly</subfield></datafield><datafield ind1="0" ind2=" " tag="362"><subfield code="a">Vol. 9, no. 32 (May 8, 1874)-v. 20, no. 29 (Apr. 17, 1885).</subfield></datafield><datafield ind1=" " ind2=" " tag="500"><subfield code="a">Publishers' names recorded in Hist. of Neb., 1882.</subfield></datafield><datafield ind1=" " ind2=" " tag="500"><subfield code="a">"Democratic." Cf. Hist. of Neb., 1882.</subfield></datafield><datafield ind1=" " ind2=" " tag="500"><subfield code="a">Editor: G.L. Miller, 1874-1885.</subfield></datafield><datafield ind1=" " ind2=" " tag="580"><subfield code="a">Daily ed.: Omaha herald (Omaha, Neb. : Daily).</subfield></datafield><datafield ind1=" " ind2="7" tag="655"><subfield code="a">Newspapers.</subfield><subfield code="2">rbgenr</subfield></datafield><datafield ind1="1" ind2=" " tag="700"><subfield code="a">Miller, George L.,</subfield><subfield code="d">1830-1920.</subfield></datafield><datafield ind1=" " ind2=" " tag="752"><subfield code="a">United States</subfield><subfield code="b">Nebraska</subfield><subfield code="c">Douglas</subfield><subfield code="d">Omaha.</subfield></datafield><datafield ind1="1" ind2=" " tag="775"><subfield code="t">Omaha herald (Omaha, Neb. : Daily)</subfield><subfield code="w">(DLC)sn 84022828</subfield></datafield><datafield ind1="0" ind2="0" tag="780"><subfield code="t">Omaha weekly herald (Omaha, Neb. : 1865)</subfield><subfield code="w">DLC)sn 85033119</subfield><subfield code="w">(OCoLC)11689001</subfield></datafield><datafield ind1="0" ind2="0" tag="785"><subfield code="t">Omaha weekly herald (Omaha, Neb. : 1885)</subfield><subfield code="w">(DLC)sn 86091285</subfield><subfield code="w">(OCoLC)13586685</subfield></datafield></record>